@string{AOAS="Annals of Applied Statistics"}
@string{AOAP="Annals of Applied Probability"}
@string{AOS="Annals of Statistics"}
@string{AICEJ="American Institute of Chemical Engineers Journal"}
@string{BWHO="Bulletin of the World Health Organization"}
@string{JRSSB="Journal of the Royal Statistical Society, Series B (Statistical Methodology)"}
@string{JRSSC="Journal of the Royal Statistical Society: Series C (Applied Statistics)"}
@string{JAMA="Journal of the American Medical Association"}
@string{JASA="Journal of the American Statistical Association"}
@string{JAP="Journal of Applied Probability"}
@string{JCGS="Journal of Computational and Graphical Statistics"}
@string{JN="Journal of Neuroscience"}
@string{AJTMH="American Journal of Tropical Medicine and Hygiene"}
@string{JNE="Journal of Neural Engineering"}
@string{CH="Chapman and Hall"}
@string{OUP="Oxford University Press"}
@string{PUP="Princeton University Press"}
@string{CUP="Cambridge University Press"}
@string{CMB="Clinical Microbiology Reviews"}
@string{IJE="International Journal of Epidemiology"},
@string{JBES="Journal of Business and Economic Statistics"}
@string{JRSI="Journal of the  Royal Society Interface"}
@string{TSP="IEEE Transactions on Signal Processing"}
@string{MBE="Molecular Biology and Evolution"}
@string{MWR="Monthly Weather Review"}
@string{PLoS-Med="PLoS Medicine"}
@string{PLoS-Bio="PLoS Biology"}
@string{PLoS-CompBio="PLoS Computational Biology"}
@string{PLoS-Path="PLoS Pathogens"}
@string{PLMS="Proceedings of the London Mathematical Society"}
@string{PRSLA="Proceedings of the Royal Society of London, Series A"}
@string{PRSLB="Proceedings of the Royal Society of London, Series B"}
@string{PRSB="Proceedings of the Royal Society of London, Series B"}
@string{AJE="American Journal of Epidemiology"}
@string{AmNat="American Naturalist"}
@string{PNAS="Proceedings of the National Academy of Sciences of the USA"}
@string{AnnStat="Annals of Statistics"}
@string{AppStat="Applied Statistics"}
@string{JMB="Journal of Mathematical Biology"}
@string{SC="Statistics and Computing"}
@string{SM="Statistics in Medicine"}
@string{SPL="Statistics and Probability Letters"}
@string{SS="Statistica Sinica"}
@string{StatSci={Statistical Science}}
@string{AnnMathStat="Annals of Mathematical Statistics"}
@string{JC="Journal of Climate"}
@string{AIChEJ="American Institute of  Chemical Engineers Journal"}
@string{TRSTMH="Transactions of the Royal Society of Tropical Medicine and Hygiene"}


AAAAAAAAAAAAAAA

@article {andrieu10,
    AUTHOR = {Andrieu, Christophe and Doucet, Arnaud and Holenstein, Roman},
     TITLE = {Particle {M}arkov chain {M}onte {C}arlo methods},
   XJOURNAL = {J. R. Stat. Soc. Ser. B Stat. Methodol.},
   Journal = JRSSB,
  FJOURNAL = {Journal of the Royal Statistical Society. Series B.
              Statistical Methodology},
    VOLUME = {72},
      YEAR = {2010},
    NUMBER = {3},
     PAGES = {269--342},
      ISSN = {1369-7412},
       DOI = {10.1111/j.1467-9868.2009.00736.x},
}

@article{asfaw21,
  title={Partially observed Markov processes with spatial structure via the R package spatPomp},
  author={Asfaw, Kidus and Park, Joonha and King, Aaron A and Ionides, Edward L},
  journal={arXiv preprint arXiv:2101.01157},
  year={2021}
}

BBBBBBBBBBBBBBB

@book(barndorff94,
author = "Barndorff-Nielsen, O. E. and Cox, D. R.",
year = 1994,
title = "Inference and Asymptotics",
publisher = CH,
address = "London"
)

@book{bartolucci12,
  title={Latent {M}arkov models for longitudinal data},
  author={Bartolucci, Francesco and Farcomeni, Alessio and Pennoni, Fulvia},
  year={2012},
  publisher={CRC Press}
}

@article{barton07,doi = {10.1093/toxsci/kfm100},
author = {Barton, Hugh A. and Chiu, Weihsueh A. and Woodrow Setzer, R. and Andersen, Melvin E. and Bailer, A. John and Bois, Frédéric Y. and DeWoskin, Robert S. and Hays, Sean and Johanson, Gunnar and Jones, Nancy and Loizou, George and MacPhail, Robert C. and Portier, Christopher J. and Spendiff, Martin and Tan, Yu-Mei},
title = {Characterizing Uncertainty and Variability in Physiologically Based Pharmacokinetic Models: State of the Science and Needs for Research and Implementation},
volume = {99},
number = {2},
pages = {395-402},
year = {2007},
journal = {Toxicological Sciences}
}

@Incollection{bengtsson08, Doi={10.1007/978-3-642-01094-1},
Author = "Bengtsson, T. and  Bickel, P. and Li, B.",
Year = 2008,
Title = "Curse-of-dimensionality revisited: Collapse of the particle filter in very large scale systems",
Booktitle="Probability and Statistics: Essays in Honor of {D}avid {A}. {F}reedman",
Editor={Speed, T. and Nolan, D.},
Pages = "316--334",
Publisher="Institute of Mathematical Statistics",
Address="Beachwood, OH"
}


@article(bjornstad01, doi="10.1126/science.1062226",
author = "Bj{\o}rnstad, O. N. and Grenfell, B. T.",
year = 2001,
title = "Noisy Clockwork: Time Series Analysis of Population Fluctuations in Animals",
journal = "Science",
volume = 293,
pages = "638--643"
)

@article{bjornstad02,
  author = {Bj{\o}rnstad, Ottar N. and Finkenst\"{a}dt, Barbel F. and Grenfell, Bryan T.},
  journal = {Ecological Monographs},
  xmonth = {may},
  xnumber = {2},
  pages = {169--184},
  publisher = {Ecological Society of America},
  title = {Dynamics of Measles Epidemics: Estimating Scaling of Transmission Rates Using a Time Series {SIR} Model},
  xurl = {http://links.jstor.org/sici?sici=0012-9615%28200205%2972%3A2%3C169%3ADOMEES%3E2.0.CO%3B2-S},
  volume = {72},
  year = {2002},
}

   @article{blower95,     url = {http://www.jstor.org/stable/3702385},
     title = {An Analysis of the Process of Human Immunodeficiency Virus Sexual Risk Behavior Change},
     author = {Blower, Sally M. and Griensven, Gotfried J. P. van and Kaplan, Edward H.},
     journal = {Epidemiology},
     volume = {6},
     number = {3},
     pages = {238--242},
     year = {1995},
    }

@article{bossy04,
  title={A symmetrized {E}uler scheme for an efficient approximation of reflected diffusions},
  author={Bossy, M. and Gobet, E. and Talay, D.},
  journal=JAP,
  volume={41},
  number={3},
  pages={877--889},
  year={2004},
}

@Article{breto09, doi={10.1214/08-AOAS201},
text={Breto, C.,  D. He, E. L. Ionides and A. A. King (2009). Time series analysis via mechanistic models. Annals of Applied Statistics 3:319--348.},
Author = {Bret\'{o}, C. and He, D. and Ionides, E. L. and King, A. A.},
Year = {2009},
Title = {Time Series Analysis via Mechanistic Models},
Journal = {Annals of Applied Statistics},
Volume = {3},
Pages = {319--348}
}

@article(breto11, doi={10.1016/j.spa.2011.07.005},text={Breto, C. and Ionides, E.L. (2011) Compound Markov counting processes and their applications to modeling infinitesimally over-dispersed systems. Stochastic Processes and their Applications 121:2571-2591.},
author = "Bret\'{o}, C. and Ionides, E. L.",
year = 2011,
title = "Compound {M}arkov counting processes and their applications to modeling infinitesimally over-dispersed systems",
journal = "Stochastic Processes and their Applications",
volume = "121",
pages = "2571--2591"
)

@Article{breto14,doi = "10.1016/j.spl.2014.04.003",text={Breto, C. (2014). On idiosyncratic stochasticity of financial leverage effects. Statistics & Probability Letters 91:20-26.},
Title = "On idiosyncratic stochasticity of financial leverage effects",
Journal = "Statistics \& Probability Letters ",
Volume = "91",
Pages = "20--26",
Year = "2014",
issn = "0167-7152",
xurl = "http://www.sciencedirect.com/science/article/pii/S0167715214001345",
Author = "Carles Bret\'{o}",
}

@article{breto18,
  year={2018},
  doi = {10.1214/17-STS636},
  title={Modeling and inference for infectious disease dynamics: a likelihood-based approach},
  author={Bret{\'o}, Carles},
  journal={Statistical Science},
  xjournal=StatSci,
  number = {1},
  pages = {57--69},
  volume = {33}
}

@article{breto19, doi={10.1080/01621459.2019.1604367},
  title={Panel data analysis via mechanistic models},
  author={Bret{\'o}, Carles and Ionides, Edward L and King, Aaron A},
  journal={Journal of the American Statistical Association, pre-published online},
  xvolume={pre-published online},
  pages={1--35},
  year={2019},
  publisher={Taylor \& Francis}
}


CCCCCCCCCCCCCC

@article(cauchemez04, doi="10.1002/sim.1912",
author = "Cauchemez, S. and Carrat, F. and Viboud, C. and Valleron, A. J. and Boelle, P. Y.",
year = 2004,
title = "A {B}ayesian {MCMC} approach to study transmission of influenza: Application to household longitudinal data",
journal = SM,
volume = 23,
pages = "3469--3487"
)

@article {cauchemez07-jasa, doi = "doi:10.1198/016214506000000230",
	author = "Cauchemez, Simon and Temime, Laura and Guillemot, Didier and Varon, Emmanuelle and Valleron, Alain-Jacques and Thomas, Guy and Boelle, Pierre-Yves",
	title = "Investigating Heterogeneity in Pneumococcal Transmission: A {B}ayesian {MCMC} Approach Applied to a Follow-up of Schools",
	journal = JASA,
	volume = 101,
	year = 2006,
	pages = "946--958"
}

@Book{chambers98,
  title                    = {Programming with Data},
  author                   = {John Chambers},
  publisher                = {Springer-Verlag},
  year                     = {1998},
  address                  = {New York}
}

@article{chen16,
  title={Analyzing single-molecule protein transportation experiments via hierarchical hidden {M}arkov models},
  author={Chen, Yang and Shen, Kuang and Shan, Shu-Ou and Kou, Samuel},
  journal=JASA,
  xjournal={Journal of the American Statistical Association},
  volume={111},
  number={515},
  pages={951--966},
  year={2016},
  publisher={Taylor \& Francis}
}


@article{croissant08,
  title={Panel data econometrics in {R}: The plm package},
  author={Croissant, Yves and Millo, Giovanni and others},
  journal={Journal of Statistical Software},
  doi={10.18637/jss.v027.i02},
  volume={27},
  number={2},
  pages={1--43},
  year={2008}
}

DDDDDDDDDDDDDD

@article{dai16,
  title={Using Convolution to Estimate the Score Function for Intractable State-Transition Models},
  author={Dai, Liang and Sch{\"o}n, Thomas B},
  journal={IEEE Signal Processing Letters},
  volume={23},
  number={4},
  pages={498--501},
  year={2016},
  publisher={IEEE}
}

@book{delmoral04,
  author = {Del Moral, P.},
  year = {2004},
  title = {{F}eynman-{K}ac Formulae: Genealogical and Interacting Particle Systems with Applications},
  publisher = {Springer},
  address = {New York}
}

@article{delmoral01,
title = "On the stability of interacting processes with applications to filtering and genetic algorithms",
journal = "Annales de l'Institut Henri Poincar\'{e} (B) Probability and Statistics",
volume = "37",
number = "2",
pages = "155--194",
year = "2001",
issn = "0246-0203",
doi = "https://doi.org/10.1016/S0246-0203(00)01064-5",
author = "Del Moral, Pierre and Guionnet, Alice"
}

@article{dempster77,
  title={Maximum likelihood from incomplete data via the {EM} algorithm},
  author={Dempster, Arthur P and Laird, Nan M and Rubin, Donald B},
  xjournal={Journal of the royal statistical society. Series B (methodological)},
  journal=JRSSB,
  pages={1--38},
  year={1977}
}

@article{dobson14,
  title={Mathematical models for emerging disease},
  author={Dobson, Andy},
  journal={Science},
  volume={346},
  number={6215},
  pages={1294--1295},
  year={2014},
  publisher={American Association for the Advancement of Science}
}

@article{domeyer22,
  title = {Driver-pedestrian perceptual models demonstrate coupling: implications for vehicle automation},
  author = {Domeyer, Joshua E and Lee, John D and Toyoda, Heishiro and Mehler, Bruce and Reimer, Bryan},
  journal = {IEEE Transactions on Human-Machine Systems},
  volume = {52},
  number = {4},
  pages = {557--566},
  year = {2022},
  publisher = {IEEE},
  link = {https://doi.org/10.1109/THMS.2022.3158201}
}

@article{donnet13,
  title={A review on estimation of stochastic differential equations for pharmacokinetic/pharmacodynamic models},
  author={Donnet, Sophie and Samson, Adeline},
  journal={Advanced Drug Delivery Reviews},
  volume={65},
  number={7},
  pages={929--939},
  year={2013},
  publisher={Elsevier}
}

@book{douc14,
  title={Nonlinear time series: Theory, methods and applications with {R} examples},
  author={Douc, Randal and Moulines, Eric and Stoffer, David},
  year={2014},
  publisher={CRC Press}
}

@Article{doucet15,
xUrl={http://arxiv.org/abs/1304.5768},
Author = {Doucet, A. and Jacob, P. E. and Rubenthaler, S.},
Year = {2015},
Title = {Derivative-Free Estimation of the Score Vector and Observed Information Matrix with Application to State-Space Models},
Journal = {Arxiv:1304.5768v3},
Volume = {},
xPages = {http://arxiv.org/abs/1304.5768}
}

@Article{doucet15pmcmc,
  doi={10.1093/biomet/asu075},
  rmdCite={<a href="http://dx.doi.org/10.1093/biomet/asu075">@doucet15</a>},
   Title={Efficient implementation of {M}arkov chain {M}onte {C}arlo when using an unbiased likelihood estimator},
  Author={Doucet, Arnaud and Pitt, M. K. and Deligiannidis, George and Kohn, Robert},
  Journal={Biometrika},
  Volume={102},
  Pages={295-313},
  Year={2015},
  Publisher={Biometrika Trust}
}

@article{dunson07-smmr,doi = {10.1177/0962280206075309},
author = {Dunson, David B.},
title = {Bayesian methods for latent trait modelling of longitudinal data},
volume = {16},
number = {5},
pages = {399-415},
year = {2007},
journal = {Statistical Methods in Medical Research}
}

EEEEEEEEEEEEEEE

FFFFFFFFFFFFFFF

@Article{fasiolo16,
Author = {Fasiolo, Matteo and Pya, Natalya and Wood, Simon N.},
Doi = {10.1214/15-STS534},
Fjournal = {Statistical Science},
Journal = StatSci,
Month = {02},
Number = {1},
Pages = {96--118},
Publisher = {The Institute of Mathematical Statistics},
Title = {A Comparison of Inferential Methods for Highly Nonlinear State Space Models in Ecology and Epidemiology},
Volume = {31},
Year = {2016}
}

@article{fitzjohn20,
  title={Reproducible parallel inference and simulation of stochastic state space models using odin, dust, and mcstate},
  author={FitzJohn, Richard G and Knock, Edward S and Whittles, Lilith K and Perez-Guzman, Pablo N and Bhatia, Sangeeta and Guntoro, Fernando and Watson, Oliver J and Whittaker, Charles and Ferguson, Neil M and Cori, Anne and others},
  journal={Wellcome Open Research},
  volume={5},
  year={2020},
  publisher={The Wellcome Trust}
}

GGGGGGGGGGGGG

@article{gelfand90,
  title={Sampling-based approaches to calculating marginal densities},
  author={Gelfand, Alan E and Smith, Adrian FM},
  xjournal={Journal of the American Statistical Association},
  journal=JASA,
  volume={85},
  number={410},
  pages={398--409},
  year={1990},
  publisher={Taylor \& Francis Group}
}

@Misc{genolini08,
  title                    = {A (Not So) Short Introduction to \proglang{S}4},
  author                   = {Genolini, Christophe},
  howpublished             = {\proglang{R} Foundation for Statistical Computing},
  year                     = {2008},
  url                      = {https://CRAN.R-project.org/doc/contrib/Genolini-S4tutorialV0-5en.pdf}
}

@article{gillespie2001,
   author = "Gillespie, Daniel T.",
   title = "Approximate accelerated stochastic simulation of chemically reacting systems",
   journal = "The Journal of Chemical Physics",
   year = "2001",
   volume = "115",
   number = "4",
   pages = "1716--1733",
   doi = "http://dx.doi.org/10.1063/1.1378322"
}

@ARTICLE{gillespie77,
  author = {D. T. Gillespie},
  title = {Exact stochastic simulation of coupled chemical reactions},
  journal = {Journal of Physical Chemistry},
  year = {1977},
  volume = {81},
  pages = {2340--2361}
}

@ARTICLE{grenfell02,
  author = {B. T. Grenfell and O. N. Bj{\o}rnstad and B. F. Finkenstadt},
  title = {Dynamics of measles epidemics: Scaling noise, determinism, and predictability
	with the {TSIR} model},
  journal = {Ecological Monographs},
  year = {2002},
  volume = {72},
  pages = {185--202}
}

HHHHHHHHHHHH

@article{halekoh06,
  title={The {R} package geepack for generalized estimating equations},
  author={Halekoh, Ulrich and H{\o}jsgaard, S{\o}ren and Yan, Jun},
  journal={Journal of Statistical Software},
  doi={10.18637/jss.v015.i02},
  volume={15},
  number={2},
  pages={1--11},
  year={2006}
}

@article{hastings70,
  title={Monte {C}arlo sampling methods using {M}arkov chains and their applications},
  author={Hastings, W Keith},
  journal={Biometrika},
  volume={57},
  number={1},
  pages={97--109},
  year={1970},
  publisher={Biometrika Trust}
}

@Article{he10, doi="10.1098/rsif.2009.0151",text={He, D., Ionides, E. L. and King, A. A. (2010). Plug-and-play inference for disease dynamics: Measles in large and small towns as a case study. J. Roy. Soc. Interface 7:271-283},
Author = "He, D. and Ionides, E. L. and King, A. A.",
Year = 2010,
Title = "Plug-and-play inference for disease dynamics:
  Measles in large and small towns as a case study",
Journal = JRSI,
xJournal = "Journal of the Royal Society Interface",
Volume = "7",
Pages = "271--283 "
}

@article{heiss08,
  title={Sequential numerical integration in nonlinear state space models for microeconometric panel data},
  author={Heiss, Florian},
  journal={Journal of Applied Econometrics},
  volume={23},
  number={3},
  pages={373--389},
  year={2008},
  publisher={Wiley Online Library}
}

@book{hsiao14,
  title={Analysis of Panel Data},
  author={Hsiao, Cheng},
  editition={3rd},
  year={2014},
  publisher=CUP,
  address={Cambridge, UK}
}

IIIIIIIIIIIIII

@Article{ionides06,doi="10.1073/pnas.0603181103",
Author = "Ionides, E. L. and Bret\'{o}, C. and King, A. A.",
Year = 2006,
Title = "Inference for nonlinear dynamical systems",
Journal = PNAS,
xJournal = "Proceedings of the National Academy of Sciences of the USA",
Volume = "103",
Pages = "18438--18443"
}

@Article{ionides11,doi="10.1214/11-AOS886",
  Author = {Ionides, Edward L. and Bhadra, Anindya and Atchad\'{e}, Y.  and  King, Aaron A.},
  Title = {Iterated Filtering},
  Year = 2011,
  Journal = "Annals of Statistics",
  Volume = 39,
  Pages = "1776--1802"
}

@Article{ionides11-statSci, doi="10.1214/11-STS345C",text={Ionides, E. L. (2011).  Discussion on "Feature Matching in Time Series Modeling" by Y. Xia and H. Tong. Statistical Science 26:49-52. http://dx.doi.org/10.1214/11-STS345C},
Author = "E. L. Ionides",
Year = 2011,
Title = {Discussion on ``{F}eature Matching in Time Series Modeling'' by {Y}. {X}ia and {H}. {T}ong},
Journal = "Statistical Science",
Volume = "26",
Pages = "49--52"
}

@Article{ionides15,text={Ionides, EL, D Nguyen, Y Atchade, S Stoev and AA King. (2015). Inference for dynamic and latent variable models via iterated, perturbed Bayes maps. PNAS 112:719-724.},
Author = {Ionides, Edward L. and Nguyen, Dao and Atchad\'{e}, Yves and Stoev, Stilian and King, Aaron A.},
Title = {Inference for dynamic and latent variable models via iterated, perturbed {B}ayes maps},
Year = {2015},
doi = {10.1073/pnas.1410597112},
Journal = PNAS,
xJournal = {Proceedings of the National Academy of Sciences of USA},
Volume = 112,
Number =  3,
Pages = "719--724"
}

@Article{ionides17-tas,
  Author = {Ionides, E. L. and Giessing, A. and Ritov, Y. and Page, S. E.},
  Title = {Response to the {ASA}'s statement on p-values: Context, process, and purpose},
  Journal = {The American Statistician},
  Volume = {71},
  xNumber = {1},
  Pages = {88-89},
  Year = {2017},
  doi = {10.1080/00031305.2016.1234977},
}

@article{ionides17,
  title={Monte {C}arlo profile confidence intervals for dynamic systems},
  author={Ionides, Edward L and Breto, Carles and Park, Joonha and Smith, Richard A and King, Aaron A},
  xjournal={Journal of the Royal Society Interface},
  journal=JRSI,
  doi={10.1098/rsif.2017.0126},
  volume = {14},
  xnumber = {132},
  pages={1--10},
  year={2017}
}

JJJJJJJJJJJJ

@article{jacob15,
  title={Sequential {B}ayesian inference for implicit hidden {M}arkov models and current limitations},
  author={Jacob, Pierre E},
  journal={ESAIM: Proceedings and Surveys},
  volume={51},
  pages={24--48},
  year={2015},
  publisher={EDP Sciences}
}

@book{jacquez96,
  title = {Compartmental Analysis in Biology and Medicine},
  publisher = {3rd edition, BioMedware, Ann Arbor, MI},
  year = {1996},
  author = {Jacquez, J. A.}
}

KKKKKKKKKK

@article{kantas15,
    AUTHOR = {Kantas, Nikolas and Doucet, Arnaud and Singh, Sumeetpal S. and
              Maciejowski, Jan and Chopin, Nicolas},
     TITLE = {On particle methods for parameter estimation in state-space
              models},
   JOURNAL = {Statist. Sci.},
  FJOURNAL = {Statistical Science. A Review Journal of the Institute of
              Mathematical Statistics},
    VOLUME = {30},
      YEAR = {2015},
    NUMBER = {3},
     PAGES = {328--351},
      ISSN = {0883-4237},
       DOI = {10.1214/14-STS511}
}

@book{keeling08,
  title={Modeling infectious diseases in humans and animals},
  author={Keeling, Matt J. and Rohani, Pejman},
  year={2008},
  publisher={Princeton University Press}
}

@Article{king15, text={King AA, Domenech de Celle M, Magpantay FMG, Rohani P. 2015. Avoidable errors in the modelling of outbreaks of emerging pathogens, with special reference to Ebola. Proc. R. Soc. B 282: 20150347}, doi={10.1098/rspb.2015.0347},
  Title={Avoidable errors in the modelling of outbreaks of emerging pathogens, with special reference to {E}bola},
  Author={King, Aaron A. and  Domenech de Celle, Matthieu and Magpantay,  Felicia M. G. and Rohani, Pejman},
  Journal=PRSB,
 xJournal={Proceedings of the Royal Society B},
  Volume={282},
  Pages={20150347},
  Year={2015}
}

@Article{king16, text={King, A. A., Nguyen, D. and  Ionides, E. L. (2015). Statistical Inference for Partially Observed Markov Processes via the R Package pomp. To appear in Journal of Statistical Software.},
Author = {King, A. A. and Nguyen, D. and  Ionides, E. L.},
Year = {2016},
Title = {Statistical Inference for Partially Observed {M}arkov Processes via the {R} Package pomp},
Journal ={Journal of Statistical Software},
Doi={10.18637/jss.v069.i12},
Volume = {69},
Pages = {1--43}
}

@article{komorowski11,
  title={Sensitivity, robustness, and identifiability in stochastic chemical kinetics models},
  author={Komorowski, Micha{\l} and Costa, Maria J and Rand, David A and Stumpf, Michael PH},
  journal={Proceedings of the National Academy of Sciences},
  volume={108},
  number={21},
  pages={8645--8650},
  year={2011},
  publisher={National Acad Sciences}
}

LLLLLLLLLLLL

@article{lee20,
  title = {Achieving Coordinated National Immunity and Cholera Elimination in {H}aiti Through Vaccination: A Modelling Study},
  author = {Lee, Elizabeth C and Chao, Dennis L and Lemaitre, Joseph C and Matrajt, Laura and Pasetto, Damiano and Perez-Saez, Javier and Finger, Flavio and Rinaldo, Andrea and Sugimoto, Jonathan D and Halloran, M Elizabeth and  Longini, Ira M and Ternier, Ralph and Vissieres,  Kenia and Azman,  Andrew S and Lessler, Justin  and  Ivers, Louise C},
  journal = {The Lancet Global Health},
  volume = {8},
  number = {8},
  pages = {e1081--e1089},
  year = {2020},
  publisher = {Elsevier},
  link = {https://doi.org/10.1016/S2214-109X(20)30310-7}
}

@article{legland04,
author = "Le Gland, F. and Oudjane, N.",
doi = "10.1214/aoap/1075828050",
journal = "The Annals of Applied Probability",
month = "02",
number = "1",
pages = "144--187",
publisher = "The Institute of Mathematical Statistics",
title = "Stability and uniform approximation of nonlinear filters using the {H}ilbert metric and application to particle filters",
xurl = "https://doi.org/10.1214/aoap/1075828050",
volume = "14",
year = "2004"
}

@article{losick08,
  title={Stochasticity and Cell Fate},
  author={Losick, Richard and Desplan, Claude},
  journal={Science},
  volume={320},
  number={5872},
  pages={65--68},
  year={2008},
  publisher={American Association for the Advancement of Science}
}

MMMMMMMMMM

@article{marjoram03, doi={10.1073/pnas.0306899100},
  title={Markov chain {M}onte {C}arlo without likelihoods},
  author={Marjoram, Paul and Molitor, John and Plagnol, Vincent and Tavar{\'e}, Simon},
  journal={Proceedings of the National Academy of Sciences},
  volume={100},
  number={26},
  pages={15324--15328},
  year={2003},
  publisher={National Acad Sciences}
}
@article{marino19, doi={10.1002/ecy.2583},
  title={Evaluating consumptive and nonconsumptive predator effects on prey density using field times series data},
  author={Marino, J. A. and Peacor, S. D.  and Bunnell, D. B.  and Vanderploeg, H. A. and Pothoven, S. A. and Elgin, A. K. and Bence, J. R. and Jiao, J. and Ionides, E. L.},
  journal={Ecology},
  volume={100},
  pages={e02583},
  year={2019},
  publisher={Wiley Online Library}
}

@Article{martinez-bakker15, Doi={10.1371/journal.pbio.1002172}, text={Martinez-Bakker, M., King, A. A. and Rohani, P. (2015). Unraveling the Transmission Ecology of Polio. PLoS Biology 13:e1002172},
Author = {Martinez-Bakker, M. and King, A. A. and Rohani, P.},
Year = {2015},
Title = {Unraveling the Transmission Ecology of Polio},
Journal = PLoS-Bio,
xJournal = {PLoS Biology},
Volume = {13},
Number={6},
Pages = {e1002172}
}

@Article{martinez-bakker14,
	author = {Martinez-Bakker, Micaela and Bakker, Kevin M. and King, Aaron A. and Rohani, Pejman},
	title = {Human birth seasonality: latitudinal gradient and interplay with childhood disease dynamics},
	volume = {281},
	number = {1783},
	year = {2014},
	doi = {10.1098/rspb.2013.2438},
	publisher = {The Royal Society},
	issn = {0962-8452},
	journal = {Proceedings of the Royal Society of London B: Biological Sciences}
}



@article{melnick53,
  title={Development of neutralizing antibodies against the three types of poliomyelitis virus during an epidemic period. The ratio of inapparent infection to clinical poliomyelitis},
  author={Melnick, Joseph L and Ledinko, Nada},
  journal={American Journal of Hygiene},
  volume={58},
  number={2},
  pages={207--22},
  year={1953}
}

@article{mesters14,
  author={Mesters, Geert and Koopman, Siem Jan},
  year={2014},
  month={06},
  pages={127--140},
  title={Generalized dynamic panel data models with random effects for cross-section and time},
  volume={180},
  journal={Journal of Econometrics}
}

@article{michaud21,
 title={Sequential Monte Carlo Methods in the nimble and nimbleSMC R Packages},
 volume={100},
 url={https://www.jstatsoft.org/index.php/jss/article/view/v100i03},
 doi={10.18637/jss.v100.i03},
 number={3},
 journal={Journal of Statistical Software},
 author={Michaud, Nicholas and de Valpine, Perry and Turek, Daniel and Paciorek, Christopher J. and Nguyen, Dao},
 year={2021},
 pages={1–39}
}

NNNNNNNNNNNN

@article{ning21,
title = {Scalable {M}onte {C}arlo inference and rescaled local asymptotic normality},
author = {Ning, N. and Ionides, E. L. and Ritov, Y.},
year = {2021},
journal = {Bernoulli},
volume = {pre-published online}
}

OOOOOOOOOO

PPPPPPPPPPP

@article{patel16,
  title={A world free of polio —-- The final steps},
  author={Patel, Manish and Orenstein, Walter},
  journal={New England Journal of Medicine},
  volume={374},
  number={6},
  pages={501--503},
  year={2016},
  publisher={Mass Medical Soc}
}

@article{pons-salort18,
   title={Trends in serotype-specific immunity explain the incidence patterns of diseases caused by human enteroviruses},
   author={Pons-Salort, M. and Grassly, N. C.},
   journal={To appear in Science},
   xvolume={},
   year={2018}
}


QQQQQQQQQQQ

RRRRRRRRRRRR

@Manual{R,
  title = {\proglang{R}: {A} Language and Environment for Statistical Computing},
  author = {{\proglang{R} Core Team}},
  organization = {\proglang{R} Foundation for Statistical Computing},
  address = {Vienna, Austria},
  year = {2017},
  url = {https://www.R-project.org/},
}

@article{ramsay96,
 xURL = {http://www.jstor.org/stable/2345889},
 author = {Ramsay, J. O.},
 xjournal = {Journal of the Royal Statistical Society. Series B (Methodological)},
 journal=JRSSB,
 xnumber = {3},
 pages = {495-508},
 title = {Principal Differential Analysis: Data Reduction by Differential Operators},
 volume = {58},
 year = {1996}
}

@book{ramsay97,
  title={Functional Data Analysis},
  author={Ramsay, James O and Silverman, B. W.},
  year={1997},
  publisher={Springer-Verlag},
  address={New York}
}


@article {ranjeva17,
  author = {Ranjeva, Sylvia L. and Baskerville, Edward B. and Dukic, Vanja and Villa, Luisa L. and Lazcano-Ponce, Eduardo and Giuliano, Anna R. and Dwyer, Greg and Cobey, Sarah},
  title = {Recurring infection with ecologically distinct {HPV} types can explain high prevalence and diversity},
  volume = {114},
  number = {51},
  pages = {13573--13578},
  year = {2017},
  doi = {10.1073/pnas.1714712114},
  publisher = {National Academy of Sciences},
  xjournal = {Proceedings of the National Academy of Sciences},
  journal=PNAS,
}

@article{ranjeva19, doi={10.1038/s41467-019-09652-6},
  title={Age-specific differences in the dynamics of protective immunity to influenza},
  author={Ranjeva, Sylvia and Subramanian, Rahul and Fang, Vicky J and Leung, Gabriel M and Ip, Dennis KM and Perera, Ranawaka APM and Peiris, JS Malik and Cowling, Benjamin J and Cobey, Sarah},
  journal={Nature communications},
  volume={10},
  number={1},
  pages={1660},
  year={2019},
  publisher={Nature Publishing Group}
}

@article{raser05,doi = {10.1126/science.1105891},
author = {Raser, Jonathan M. and O'Shea, Erin K.},
title = {Noise in Gene Expression: Origins, Consequences, and Control},
journal = {Science},
volume = {309},
number = {5743},
pages = {2010-2013},
year = {2005}
}

@Article{romero-severson12,
	Title = {Heterogeneity in Number and Type of Sexual Contacts in a Gay Urban Cohort},
	Volume = {4},
	Number = {1},
	Journal = {Statistical Communications in Infectious Diseases},
	Author = {Romero-Severson, Ethan O. and Alam, Shah Jamal and Volz, Erik M. and Koopman, James S.},
	Year = {2012},
}

@Article{romero-severson15,doi={10.1093/aje/kwv044}, text={Romero-Severson, EO, Volz, E, Koopman, JS, Leitner, T and Ionides, EL (2015). Dynamic Variation in Sexual Contact Rates in a Cohort of HIV-Negative Gay Men. American Journal of Epidemiology 182:255-262.},
  Title={Dynamic Variation in Sexual Contact Rates in a Cohort of {HIV}-Negative Gay Men},
  Author={Romero-Severson, EO and Volz, E and Koopman, JS and Leitner, T and Ionides, EL},
  xJournal={American Journal of Epidemiology},
  Journal=AJE,
  Pages={255-262},
  Volume={182},
  Year={2015},
  Publisher=OUP
}

@Article{roy13, doi={10.1371/journal.pntd.0001979},
Author = "Roy, M. and Bouma, M. J. and Ionides, E. L. and Dhiman, R. C. and Pascual, M.",
Year = 2013,
Title = "The potential elimination of {P}lasmodium vivax malaria by relapse treatment: Insights from a transmission model and surveillance data from {NW} {I}ndia
",
Journal = "PLoS Neglected Tropical Diseases",
Volume = 7,
Pages = "e1979"
}

SSSSSSSSSSS

@Article{shrestha11,    doi = {10.1371/journal.pcbi.1002135}, text={Shrestha, S., A. A. King and P. Rohani (2011). "Statistical Inference for Multi-Pathogen Systems". PLoS Comput Biol 7:e1002135. http://dx.doi.org/10.1371/journal.pcbi.1002135},
    Author = {Shrestha, Sourya AND King, Aaron A. AND Rohani, Pejman},
    xJournal = {PLoS Comput Biol},
    Journal = PLoS-CompBio,
    Publisher = {Public Library of Science},
    Title = {Statistical Inference for Multi-Pathogen Systems},
    Year = {2011},
    month = {08},
    Volume = {7},
    Pages = {e1002135},
    Number = {8},
}

@article{sisson07, doi={10.1073/pnas.0607208104},
  title={Sequential {M}onte {C}arlo without likelihoods},
  author={Sisson, Scott A and Fan, Yanan and Tanaka, Mark M},
  journal={Proceedings of the National Academy of Sciences},
  volume={104},
  number={6},
  pages={1760--1765},
  year={2007},
  publisher={National Acad Sciences}
}

@Article{smith17, Doi={10.1093/molbev/msx124},
  Author = {Smith, R. A. and Ionides, E. L. and King, A. A.},
  Year = {2017},
  Title = {Infectious Disease Dynamics Inferred from Genetic Data via Sequential {M}onte {C}arlo},
  xJournal = MBE,
  Journal = {Molecular Biology and Evolution},
  Volume = {34},
  Pages ={2065–-2084},
  xNumber = {8}
}

TTTTTTTTTTTTT

UUUUUUUUUUUUU

VVVVVVVVVVV

@Article{vittinghoff99,
Author = {Vittinghoff, Eric and Douglas, John and Judon, Frank and McKiman, David and MacQueen, Kate and Buchinder, Susan P.},
Title = {Per-Contact Risk of Human Immunodificiency Virus Tramnsmision between Male Sexual Partners},
Volume = {150},
Number = {3},
Pages = {306--311},
Year = {1999},
Journal = {American Journal of Epidemiology},
}

WWWWWWWWW

@article{wale19,
author = {Nina Wale  and Matthew J. Jones  and Derek G. Sim  and Andrew F. Read  and Aaron A. King },
title = {The contribution of host cell-directed vs. parasite-directed immunity to the disease and dynamics of malaria infections},
journal = {Proceedings of the National Academy of Sciences},
volume = {116},
number = {44},
pages = {22386-22392},
year = {2019},
doi = {10.1073/pnas.1908147116},
URL = {https://www.pnas.org/doi/abs/10.1073/pnas.1908147116},
eprint = {https://www.pnas.org/doi/pdf/10.1073/pnas.1908147116}
}


@Article{whiteley13,
  Author = {Whiteley, N.},
  Title = {Stability properties of some particle filters},
  xJournal={The Annals of Applied Probability},
  Journal=AOAP,
  Volume={23},
  xNumber={6},
  Pages={2500--2537},
  Year={2013},
}

@article{wickham14,
  title={Tidy data},
  author={Wickham, Hadley},
  journal={Journal of Statistical Software},
  volume={59},
  number={10},
  pages={1--23},
  year={2014},
  publisher={Foundation for Open Access Statistics}
}

@article{wilkinson09,
  title={Stochastic modelling for quantitative description of heterogeneous biological systems},
  author={Wilkinson, Darren J},
  journal={Nature Reviews Genetics},
  volume={10},
  number={2},
  pages={122--133},
  year={2009},
  publisher={Nature Publishing Group}
}

@book{wilkinson12,
author = "Wilkinson, D. J.",
year = 2012,
title = "Stochastic Modelling for Systems Biology",
publisher = "Chapman \& Hall",
address = "Boca Raton, FL"
}

@article{winsor32, doi={10.1073/pnas.18.1.1},
  title={The {G}ompertz curve as a growth curve},
  author={Winsor, Charles P},
  xjournal={Proceedings of the National Academy of Sciences},
  journal=PNAS,
  volume={18},
  xnumber={1},
  pages={1--8},
  year={1932},
}

@Article{wood10,       DOI={10.1038/nature09319},
title={Statistical inference for noisy nonlinear ecological dynamic systems}, text={Wood (2010). Statistical inference for noisy nonlinear ecological dynamic systems. Nature 466:1102-1104.},
        Author={Wood, Simon N.},
       journal={Nature},
        Pages={1102--1104},
        Year={2010},
         Volume={466},
        xNumber={7310}
}

XXXXXXXXX

YYYYYYYYYYY

@article{yang10,doi={10.1198/jasa.2010.ap09581},
author = {Yang, Yang and Halloran, M. Elizabeth and Daniels, Michael J. and Longini, Ira M. and Burke, Donald S. and Cummings, Derek A. T.},
title = {Modeling Competing Infectious Pathogens From a {B}ayesian Perspective: Application to Influenza Studies With Incomplete Laboratory Results},
journal = {Journal of the American Statistical Association},
volume = {105},
number = {492},
pages = {1310-1322},
year = {2010}
}

@article {yang12,doi = {10.1111/j.1541-0420.2012.01757.x},
author = {Yang, Yang and Longini Jr., Ira M. and Halloran, M. Elizabeth and Obenchain, Valerie},
title = {A Hybrid {EM} and {M}onte {C}arlo {EM} Algorithm and Its Application to Analysis of Transmission of Infectious Diseases},
journal = {Biometrics},
publisher = {Blackwell Publishing Inc},
issn = {1541-0420},
doi = {10.1111/j.1541-0420.2012.01757.x},
volume={68},
number={4},
pages={1238--1249},
year = {2012},
}

@article{yao05,
  title={Functional data analysis for sparse longitudinal data},
  author={Yao, Fang and M{\"u}ller, Hans-Georg and Wang, Jane-Ling},
  xjournal={Journal of the American Statistical Association},
  journal=JASA,
  volume={100},
  number={470},
  pages={577--590},
  year={2005},
  publisher={Taylor \& Francis}
}

ZZZZZZZZZZ



